
@misc{jasneyIntroductionSocialNetwork2018,
  title = {Introduction to {{Social Network Analysis}} in {{R}}},
  shorttitle = {{{IntroSNA}}},
  author = {Jasney, Lorien},
  year = {2018},
  month = jun,
  file = {/Users/robwiederstein/Zotero/storage/HIGME62P/Jasney - 2018 - Introduction to Social Network Analysis in R.pdf}
}


