@Book{gabasovaStarWarsSocial2016,
  title = {Star {{Wars}} Social Network ({{Version}} 1.0.1) [{{Data}} Set]},
  author = {Evelina Gabasova},
  date = {2016},
  publisher = {{Zenodo}},
  url = {http://doi.org/10.5281/zenodo.1411479},
}
@Online{rcoreteamIntroduction2020,
  title = {An {{Introduction}} to {{R}}},
  author = {{R Core Team}},
  date = {2020},
  url = {https://cran.r-project.org/doc/manuals/r-devel/R-intro.html#Data-frames},
  urldate = {2020-12-28},
  file = {/Users/robwiederstein/Zotero/storage/6T3HVGKT/R-intro.html},
}
